<?xml version="1.0" encoding="UTF-8"?><collection xmlns="http://www.loc.gov/MARC21/slim"><record><leader>00533nam--2200181-i-4500</leader><controlfield tag="001">000020636</controlfield><controlfield tag="002">20161230</controlfield><controlfield tag="005">20170204193023</controlfield><controlfield tag="008">060222s1000------------r-----000-0-rum-d</controlfield><datafield ind1=" " ind2=" " tag="040"><subfield code="a">IFIN-HH</subfield></datafield><datafield ind1=" " ind2=" " tag="041"><subfield code="a">rum</subfield></datafield><datafield ind1=" " ind2=" " tag="080"><subfield code="a">533.922(043)</subfield></datafield><datafield ind1="1" ind2=" " tag="100"><subfield code="a">Ganciu-Petcu, Mihai</subfield></datafield><datafield ind1="1" ind2="0" tag="245"><subfield code="a">Interactia fascicul-plasma in regim pulsat. rezumatul tezei</subfield><subfield code="b">Conducator stiintific : Acd.Prof. Ioan-Iovit Popescu</subfield><subfield code="c">Mihai Ganciu-Petcu</subfield></datafield><datafield ind1=" " ind2=" " tag="260"><subfield code="a">Bucuresti</subfield><subfield code="b">Ifa</subfield><subfield code="c">1996</subfield></datafield><datafield ind1=" " ind2=" " tag="300"><subfield code="a">24 p</subfield></datafield><datafield ind1=" " ind2=" " tag="852"><subfield code="a">80528</subfield><subfield code="c">533.9</subfield></datafield><datafield ind1=" " ind2=" " tag="CAT"><subfield code="a">SYS</subfield><subfield code="c">20170204</subfield><subfield code="h">193023</subfield></datafield></record></collection>